<record><leader>00000cas a22000007a 4500</leader><controlfield tag="001">13510683</controlfield><controlfield tag="008">860430d18901928aluwr ne      0    0eng d</controlfield><datafield ind1=" " ind2=" " tag="010"><subfield code="a">sn 86050179 </subfield></datafield><datafield ind1=" " ind2=" " tag="040"><subfield code="a">AAR</subfield><subfield code="b">eng</subfield><subfield code="c">AAR</subfield><subfield code="d">CPN</subfield><subfield code="d">OCLCQ</subfield></datafield><datafield ind1=" " ind2=" " tag="042"><subfield code="a">msc</subfield></datafield><datafield ind1="0" ind2="4" tag="245"><subfield code="a">The Guntersville democrat.</subfield></datafield><datafield ind1=" " ind2=" " tag="260"><subfield code="a">Guntersville, Ala. :</subfield><subfield code="b">W.M. Meeks</subfield></datafield><datafield ind1=" " ind2=" " tag="300"><subfield code="a">v. :</subfield><subfield code="b">ill. ;</subfield><subfield code="c">65 cm.</subfield></datafield><datafield ind1=" " ind2=" " tag="310"><subfield code="a">Weekly</subfield></datafield><datafield ind1="0" ind2=" " tag="362"><subfield code="a">-v. 48, no. 13 (Mar. 27. 1928).</subfield></datafield><datafield ind1="1" ind2=" " tag="362"><subfield code="a">Began in 1890.</subfield><subfield code="z">Cf. Ellison, R.C. Hist. and bibl. of Ala. newspapers in the nineteenth century.</subfield></datafield><datafield ind1=" " ind2=" " tag="588"><subfield code="a">Description based on: Vol. 1, no. 46 (Sept. 3, 1891).</subfield></datafield><datafield ind1=" " ind2=" " tag="752"><subfield code="a">United States</subfield><subfield code="b">Alabama</subfield><subfield code="c">Marshall</subfield><subfield code="d">Guntersville.</subfield></datafield><datafield ind1="0" ind2="7" tag="785"><subfield code="t">Guntersville advertiser</subfield><subfield code="w">(DLC)sn 86050180</subfield></datafield><datafield ind1="0" ind2="7" tag="785"><subfield code="t">Guntersville advertiser and democrat</subfield><subfield code="w">(DLC)sn 86050181</subfield></datafield><datafield ind1="1" ind2=" " tag="029"><subfield code="a">AU@</subfield><subfield code="b">000025839718</subfield></datafield></record>